@Book{Lam92,
author = {H. I. Freedman},
title = {Deterministic Mathematical Models in Population Ecology},
publisher = {Marcel Dekker},
year = {1980},
address = {New York},
}

@Article{BuDo04,
	author = {S. Yuan1, C. Xu1, T.Zhang},
	title = {Spatial dynamics in a predator-prey model with herd behavior},
	journal = {AIP Scitation},
	year = {2013},
}

@Book{Mit,
	author = {W. Mitkowski},
	title = {Stabilizacja systemów dynamicznych},
	publisher = {Wydawnictwa AGH},
	year = {2006},
	address = {Kraków},
}

@Article{SchoPre,
	author = {Frank Hoppensteadt },
	title = {Predator-prey model},
	journal = {Scholarpedia},
	year = {2006},
}

@Book{Schiff,
	author = {J.L. Schiff},
	title = {Introduction to Cellular Automata},
}

@Book{Models,
	author = {F. Brauer and C. Castillo-Chavez},
	title = {Mathematical Models in Population Biology and Epidemiology},
	journal = {Springer-Verlag},
	year = {2000},
	address = {Heidelberg},
	}

@electronic{Ubc,
	author = {S. Otto, T. Day},
	year = {2007},
	title = {Non-Linear Equations},
	url = {http://www.zoology.ubc.ca/~bio301/Bio301/Lectures/Lecture19/Overheads.html},
	urldate = {2016-12-8},
	}
	
@Article{Ack,
	author = {G. J. Ackland, I. D. Gallagher},
	year = {2004},
	title = {Stabilization of Large Generalized Lotka-Volterra Foodwebs By Evolutionary Feedback},
	journal = {American Physical Society}
	}

@Article{Kon,
	author = {M. Kondoh},
	title = {Foraging adaptation and the relationship between food-web complexity and stability},
	year = {2003},
	journal = {Science}
	}

@Article{Cell,
	author = {M. He, H. Ruan, C. Yu},
	title = {A predator-prey model based on fully parallel cellular automata},
	journal = {International Journal of Modern Physics},
	year = {2003}
	}